<collection xmlns="http://www.loc.gov/MARC21/slim"><record><leader>00588nam  2200193   450</leader><controlfield tag="001">553</controlfield><controlfield tag="003">http://montalegre.opacnet.com/OPAC/default.aspx?ContentAreaControl=ShowRegHoldings.ascx&amp;RegNo=16662</controlfield><datafield tag="095" ind1=" " ind2=" "><subfield code="a">PTBN00610864</subfield></datafield><datafield tag="100" ind1=" " ind2=" "><subfield code="a">20061013d1987    m  y0pory0103    ba</subfield></datafield><datafield tag="101" ind1="0" ind2=" "><subfield code="a">eng</subfield></datafield><datafield tag="102" ind1=" " ind2=" "><subfield code="a">ZA</subfield></datafield><datafield tag="200" ind1="1" ind2=" "><subfield code="a">Kim</subfield></datafield><datafield tag="210" ind1=" " ind2=" "><subfield code="a">London</subfield><subfield code="c">Penguin Books</subfield><subfield code="d">cop. 1987</subfield></datafield><datafield tag="215" ind1=" " ind2=" "><subfield code="a">297p.</subfield></datafield><datafield tag="675" ind1=" " ind2=" "><subfield code="a">821</subfield><subfield code="v">BN</subfield><subfield code="z">por</subfield><subfield code="3">392023</subfield></datafield><datafield tag="700" ind1=" " ind2="1"><subfield code="a">Kipling</subfield><subfield code="b">Rudyard</subfield><subfield code="f">1865-1936</subfield><subfield code="3">24768</subfield></datafield><datafield tag="801" ind1=" " ind2="0"><subfield code="a">PT</subfield><subfield code="b">Biblioteca Municipal de Montalegre</subfield><subfield code="g">RPC</subfield></datafield><datafield tag="856" ind1=" " ind2=" "><subfield code="u">locateMedia.asp?cod=20060518113430&amp;ext=jpg</subfield><subfield code="z">CAPA</subfield></datafield><datafield tag="909" ind1="&#9;" ind2=" "><subfield code="a">2</subfield></datafield><datafield tag="966" ind1=" " ind2=" "><subfield code="a">0001438</subfield><subfield code="l">BMM</subfield><subfield code="s">SCG 821 KIP kim</subfield></datafield><datafield tag="966" ind1=" " ind2=" "><subfield code="a">0008896</subfield><subfield code="l">BMM</subfield><subfield code="s">SCG 821 KIP kim</subfield></datafield></record></collection>